<collection xmlns="http://www.loc.gov/MARC21/slim"><record><leader>00779nam  2200229   450</leader><controlfield tag="001">123</controlfield><controlfield tag="003">http://montalegre.opacnet.com/OPAC/default.aspx?ContentAreaControl=ShowRegHoldings.ascx&amp;RegNo=16662</controlfield><controlfield tag="005">19</controlfield><datafield tag="095" ind1=" " ind2=" "><subfield code="a">PTBN00288950</subfield></datafield><datafield tag="100" ind1=" " ind2=" "><subfield code="a">19940901d1974    m  y0pory0103    ba</subfield></datafield><datafield tag="101" ind1="1" ind2=" "><subfield code="a">por</subfield><subfield code="c">eng</subfield></datafield><datafield tag="102" ind1=" " ind2=" "><subfield code="a">PT</subfield></datafield><datafield tag="200" ind1="1" ind2=" "><subfield code="a">&lt;O &gt;professor</subfield><subfield code="f">Charlotte Bronte</subfield><subfield code="g">trad. de Adolfo Casais Monteiro</subfield></datafield><datafield tag="205" ind1=" " ind2=" "><subfield code="a">3ª ed</subfield></datafield><datafield tag="210" ind1=" " ind2=" "><subfield code="a">Lisboa</subfield><subfield code="c">Inquérito</subfield><subfield code="d">[D.L. 1974]</subfield></datafield><datafield tag="215" ind1=" " ind2=" "><subfield code="a">350, [2] p.</subfield><subfield code="d">20 cm</subfield></datafield><datafield tag="225" ind1="2" ind2=" "><subfield code="a">&lt;Os &gt;melhores romances dos melhores romancistas</subfield><subfield code="v">18</subfield></datafield><datafield tag="304" ind1=" " ind2=" "><subfield code="a">Tít. orig.: The professor</subfield></datafield><datafield tag="675" ind1=" " ind2=" "><subfield code="a">821</subfield><subfield code="v">BN</subfield><subfield code="z">por</subfield><subfield code="3">288122</subfield></datafield><datafield tag="700" ind1=" " ind2="1"><subfield code="a">Brontë</subfield><subfield code="b">Charlotte</subfield><subfield code="f">1816-1855</subfield><subfield code="3">17609</subfield></datafield><datafield tag="702" ind1=" " ind2="1"><subfield code="a">Monteiro</subfield><subfield code="b">Adolfo Casais</subfield><subfield code="f">1908-1972</subfield><subfield code="4">730</subfield><subfield code="3">32512</subfield></datafield><datafield tag="801" ind1=" " ind2="0"><subfield code="a">PT</subfield><subfield code="b">Biblioteca Municipal de Montalegre</subfield><subfield code="g">RPC</subfield></datafield><datafield tag="909" ind1="&#9;" ind2=" "><subfield code="a">1</subfield></datafield><datafield tag="966" ind1=" " ind2=" "><subfield code="a">0008114</subfield><subfield code="l">BMM</subfield><subfield code="s">SCG 821 BRO pro</subfield></datafield></record></collection>